@article{Mariani2023,
  title={Artificial intelligence empowered conversational agents: A systematic literature review and research agenda},
  author={Mariani, Marcello M. and Hashemi, Novin and Wirtz, Jochen},
  journal={Journal of Business Research},
  volume={161},
  pages={113838},
  year={2023},
  publisher={Elsevier},
  doi={10.1016/j.jbusres.2023.113838}
}
@misc{Sampaio2024,
  author = {Sampaio, Rafael Cardoso},
  title = {Agentes de IA, bots e GPTs acadÃªmicos},
  year = {2024},
  howpublished = {\url{https://blog.scielo.org/blog/2024/05/03/agentes-de-ia-bots-e-gpts-academicos/}},
  note = {SciELO em Perspectiva},
}
@book{Teahan2010,
  author    = {William John Teahan},
  title     = {Artificial Intelligence: Agents and Environments},
  year      = {2010},
  publisher = {Ventus Publishing ApS},
  address   = {Frederiksberg, Denmark},
  isbn      = {978-87-7681-528-8},
  url       = {http://bookboon.com/en/artificial-intelligence-agents-and-environments-ebook}
}
